<record><leader>00000cas a22000007a 4500</leader><controlfield tag="001">11949065</controlfield><controlfield tag="008">850422d19031916wiuwr ne      0    0eng d</controlfield><datafield ind1=" " ind2=" " tag="010"><subfield code="a">sn 85040425 </subfield></datafield><datafield ind1=" " ind2=" " tag="040"><subfield code="a">NPV</subfield><subfield code="b">eng</subfield><subfield code="c">NPV</subfield><subfield code="d">OCLCQ</subfield></datafield><datafield ind1=" " ind2=" " tag="042"><subfield code="a">msc</subfield></datafield><datafield ind1=" " ind2=" " tag="045"><subfield code="a">x0x1</subfield></datafield><datafield ind1=" " ind2=" " tag="052"><subfield code="a">4123</subfield><subfield code="b">B4</subfield></datafield><datafield ind1="0" ind2="0" tag="245"><subfield code="a">Washburn news and itemizer.</subfield></datafield><datafield ind1="1" ind2="3" tag="246"><subfield code="a">News and itemizer</subfield></datafield><datafield ind1=" " ind2=" " tag="260"><subfield code="a">Washburn, Wis. :</subfield><subfield code="b">News Pub.,</subfield><subfield code="c">1903-</subfield></datafield><datafield ind1=" " ind2=" " tag="300"><subfield code="a">v. :</subfield><subfield code="b">ill.</subfield></datafield><datafield ind1=" " ind2=" " tag="310"><subfield code="a">Weekly</subfield></datafield><datafield ind1="0" ind2=" " tag="362"><subfield code="a">Vol. 16, no. 35 = v. 20, no. 12 (Mar. 20, 1903)-</subfield></datafield><datafield ind1="1" ind2=" " tag="362"><subfield code="a">Ceased in 1915 or 1916.</subfield></datafield><datafield ind1=" " ind2=" " tag="500"><subfield code="a">Editors: F.T. Yates, March 20, 1903-Jan. 24, 1908; M.S. Hull, Jan. 31, 1908-&lt;Dec. 25, 1914&gt;.</subfield></datafield><datafield ind1=" " ind2=" " tag="530"><subfield code="a">Available on microfilm from The State Historical Society of Wisconsin.</subfield></datafield><datafield ind1=" " ind2=" " tag="752"><subfield code="a">United States</subfield><subfield code="b">Wisconsin</subfield><subfield code="c">Bayfield</subfield><subfield code="d">Washburn.</subfield></datafield><datafield ind1="0" ind2="0" tag="780"><subfield code="t">Washburn news and Washburn itemizer</subfield><subfield code="w">(DLC)sn 85040424</subfield></datafield><datafield ind1="0" ind2="0" tag="785"><subfield code="t">Washburn news (Washburn, Wis. : 1915)</subfield><subfield code="w">(DLC)sn 85040426</subfield></datafield></record>